% Encoding: UTF-8
@book{Knuth1998,
 author = {Knuth, Donald E.},
 title = {The art of computer programming,  volume 3: (2nd ed.) sorting and searching},
 year = {1998},
 publisher = {Addison Wesley Longman Publishing Co., Inc.},
 address = {Redwood City, CA, USA}
}

@book{Pollefliet2011,
  author = {Pollefliet, Leen},
  title = {Schrijven van verslag tot eindwerk: do's en don'ts},
  year = {2011},
  publisher = {Academia Press},
  address = {Gent}
}

@article{Creeger2009,
  author = {Creeger, Mache},
  journal = {Communications of the ACM},
  number = {8},
  pages = {50--56},
  title = {{CTO Roundtable: Cloud Computing}},
  volume = {52},
  year = {2009}
}

@InProceedings{popic2016performance,
  author       = {Popi{\'c}, Sr{\dj}an and Pezer, Dra{\v{z}}en and Mrazovac, Bojan and Tesli{\'c}, Nikola},
  booktitle    = {2016 International Conference on Smart Systems and Technologies (SST)},
  title        = {Performance evaluation of using Protocol Buffers in the Internet of Things communication},
  organization = {IEEE},
  pages        = {261--265},
  year         = {2016},
}

@Article{Nelson1982,
  author = {Nelson, Bruce Jay},
  title  = {REMOTE PROCEDURE CALL.},
  year   = {1982},
}

@Online{Avro,
  title   = {Apache Avro},
  url     = {https://avro.apache.org},
  urldate = {2020-06-30},
  year    = {2020},
}

@Comment{jabref-meta: databaseType:biblatex;}
